@misc{L298N,
    title = {L298N Motor Driver â€“ Arduino Interface, How It Works, Codes, Schematics},
    author = {Dejan Nedelkovski},
    year = {2020},
    url ={https://howtomechatronics.com/tutorials/arduino/arduino-dc-motor-control-tutorial-l298n-pwm-h-bridge/#google_vignette},
    note = {Acesso em 22 de novembro de 2023}
}

@misc{Arduino,
    title = {Arduino Mega 2560 Rev3},
    author = {Arduino},
    year = {2022},
    url ={https://store-usa.arduino.cc/products/arduino-mega-2560-rev3?selectedStore=us},
    note = {Acesso em 23 de novembro de 2023}
}

@misc{ATmega2560,
    title = {Atmel ATmega2560},
    author = {Atmel},
    year = {2022},
    url ={http://ww1.microchip.com/downloads/en/DeviceDoc/Atmel-2549-8-bit-AVR-Microcontroller-ATmega640-1280-1281-2560-2561_datasheet.pdf},
    note = {Acesso em 23 de novembro de 2023}
}

@phdthesis{netto2016relatorio,
    title={Relat{\'o}rio Final},
    author={Netto, Jos{\'e} Lima Luz},
    year={2016},
    school={Universidade Estadual de Campinas}
}

@book{ogata2010engenharia,
    title={Engenharia de Controle Moderno},
    author={Ogata, K.},
    isbn={9788576058106},
    url={https://books.google.com.br/books?id=iL3FYgEACAAJ},
    year={2010},
    publisher={Pearson Universidades}
}

@article{morais2023implementaccao,
  title={Implementa{\c{c}}{\~a}o do Q-learning no rastreamento de refer{\^e}ncias constantes em um aerop{\^e}ndulo},
  author={Cleiton Kennedy and others},
  year={2023},
  publisher={Universidade Federal de Uberl{\^a}ndia}
}